<?xml version="1.0" encoding="UTF-8" standalone="yes"?>
  <bibs total_record_count="3">
    <bib>
      <mms_id>9933584373506421</mms_id>
      <record_format>marc21</record_format>
      <linked_record_id/>
      <title>Presse scientifiques des deux mondes revue universelle du mouvement des sciences pures et appliquées.</title>
      <network_numbers>
        <network_number>(NjP)3358437-princetondb</network_number>
        <network_number>3358437</network_number>
        <network_number>(OCoLC)ocm15232721</network_number>
      </network_numbers>
      <place_of_publication>Paris :</place_of_publication>
      <date_of_publication>1860-1865.</date_of_publication>
      <publisher_const>Aux Bureaux de Cercle de la press scientifique a l'imprimerie de Dubuisson et cie,</publisher_const>
      <holdings link="https://api-na.hosted.exlibrisgroup.com/almaws/v1/bibs/9933584373506421/holdings"/>
      <created_by>import</created_by>
      <created_date>2021-07-13Z</created_date>
      <last_modified_by>920227301</last_modified_by>
      <last_modified_date>2022-11-22Z</last_modified_date>
      <suppress_from_publishing>false</suppress_from_publishing>
      <suppress_from_external_search>false</suppress_from_external_search>
      <suppress_from_metadoor>false</suppress_from_metadoor>
      <rank>52</rank>
      <sync_with_oclc>BIBS</sync_with_oclc>
      <sync_with_libraries_australia>NONE</sync_with_libraries_australia>
      <originating_system>ILS</originating_system>
      <originating_system_id>3358437-princetondb</originating_system_id>
      <cataloging_level desc="Default Level">00</cataloging_level>
      <brief_level desc="08">08</brief_level>
      <record>
        <leader>01107cas a2200277Ia 4500</leader>
        <controlfield tag="001">9933584373506421</controlfield>
        <controlfield tag="005">20221122101044.0</controlfield>
        <controlfield tag="007">hd#afb---buca</controlfield>
        <controlfield tag="008">870224d18601865fr fr p a     0   b0fre d</controlfield>
        <datafield ind1=" " ind2=" " tag="035">
          <subfield code="a">(OCoLC)ocm15232721</subfield>
        </datafield>
        <datafield ind1=" " ind2=" " tag="035">
          <subfield code="a">3358437</subfield>
        </datafield>
        <datafield ind1=" " ind2=" " tag="035">
          <subfield code="a">(NjP)3358437-princetondb</subfield>
        </datafield>
        <datafield ind1=" " ind2=" " tag="040">
          <subfield code="a">UGT</subfield>
          <subfield code="c">UGT</subfield>
        </datafield>
        <datafield ind1=" " ind2=" " tag="090">
          <subfield code="a">QH111</subfield>
          <subfield code="b">.H35</subfield>
          <subfield code="a">Q2</subfield>
        </datafield>
        <datafield ind1="0" ind2="0" tag="245">
          <subfield code="a">Presse scientifiques des deux mondes</subfield>
          <subfield code="h">microform :</subfield>
          <subfield code="b">revue universelle du mouvement des sciences pures et appliquées.</subfield>
        </datafield>
        <datafield ind1=" " ind2=" " tag="260">
          <subfield code="a">Paris :</subfield>
          <subfield code="b">Aux Bureaux de Cercle de la press scientifique a l'imprimerie de Dubuisson et cie,</subfield>
          <subfield code="c">1860-1865.</subfield>
        </datafield>
        <datafield ind1=" " ind2=" " tag="300">
          <subfield code="a">v. :</subfield>
          <subfield code="b">ill.</subfield>
        </datafield>
        <datafield ind1=" " ind2=" " tag="310">
          <subfield code="a">Semimonthly</subfield>
        </datafield>
        <datafield ind1="0" ind2=" " tag="362">
          <subfield code="a">1. année, 1. t. no. 1 (16 juil. 1860)-6. année, 2. t, no. 2 (16 juil. 1865).</subfield>
        </datafield>
        <datafield ind1=" " ind2=" " tag="500">
          <subfield code="a">Subtitle varies slightly.</subfield>
        </datafield>
        <datafield ind1=" " ind2=" " tag="500">
          <subfield code="a">References: Scudder, S. Cat. of scientific serials, 1492.</subfield>
        </datafield>
        <datafield ind1=" " ind2=" " tag="500">
          <subfield code="a">Includes bibliographic references and indexes.</subfield>
        </datafield>
        <datafield ind1="0" ind2="0" tag="785">
          <subfield code="t">Presse scientifiques &amp; industrielle des deux mondes</subfield>
          <subfield code="w">(OCoLC)15232710</subfield>
        </datafield>
        <datafield ind1="0" ind2=" " tag="773">
          <subfield code="w">99126221259206421</subfield>
        </datafield>
        <datafield ind1=" " ind2="0" tag="830">
          <subfield code="a">Landmarks II,</subfield>
          <subfield code="p">Journals.</subfield>
        </datafield>
        <datafield ind1=" " ind2=" " tag="994">
          <subfield code="a">92</subfield>
          <subfield code="b">PUL</subfield>
        </datafield>
      </record>