
    </bib>
    <bib>
      <mms_id>997008003506421</mms_id>
      <record_format>marc21</record_format>
      <linked_record_id/>
      <title>Presse scientifique &amp; industrielle des deux mondes</title>
      <network_numbers>
        <network_number>(OCoLC)ocn175312267</network_number>
        <network_number>(NjP)700800-princetondb</network_number>
        <network_number>700800</network_number>
        <network_number>(CStRLIN)NJPG91-S453</network_number>
      </network_numbers>
      <place_of_publication>Paris :</place_of_publication>
      <date_of_publication>1865-</date_of_publication>
      <publisher_const>Librairie agricole de la maison rustique,</publisher_const>
      <holdings link="https://api-na.hosted.exlibrisgroup.com/almaws/v1/bibs/997008003506421/holdings"/>
      <created_by>import</created_by>
      <created_date>2021-07-12Z</created_date>
      <last_modified_by>System</last_modified_by>
      <last_modified_date>2022-12-16Z</last_modified_date>
      <suppress_from_publishing>false</suppress_from_publishing>
      <suppress_from_external_search>false</suppress_from_external_search>
      <suppress_from_metadoor>false</suppress_from_metadoor>
      <rank>56</rank>
      <sync_with_oclc>BIBS</sync_with_oclc>
      <sync_with_libraries_australia>NONE</sync_with_libraries_australia>
      <originating_system>OTHER</originating_system>
      <originating_system_id>700800-princetondb</originating_system_id>
      <cataloging_level desc="Default Level">00</cataloging_level>
      <brief_level desc="08">08</brief_level>
      <record>
        <leader>01181cas a2200313 a 4500</leader>
        <controlfield tag="001">997008003506421</controlfield>
        <controlfield tag="005">20221216124903.0</controlfield>
        <controlfield tag="007">hd#afb---baca</controlfield>
        <controlfield tag="008">910130u18659999ctuuu p a     0    0fre d</controlfield>
        <datafield ind1=" " ind2=" " tag="035">
          <subfield code="a">(CStRLIN)NJPG91-S453</subfield>
        </datafield>
        <datafield ind1=" " ind2=" " tag="035">
          <subfield code="9">ADD7274TS</subfield>
        </datafield>
        <datafield ind1=" " ind2=" " tag="035">
          <subfield code="a">700800</subfield>
        </datafield>
        <datafield ind1=" " ind2=" " tag="035">
          <subfield code="a">(NjP)700800-princetondb</subfield>
        </datafield>
        <datafield ind1=" " ind2=" " tag="035">
          <subfield code="a">(OCoLC)ocn175312267</subfield>
        </datafield>
        <datafield ind1=" " ind2=" " tag="040">
          <subfield code="a">NjP</subfield>
          <subfield code="b">eng</subfield>
          <subfield code="c">NjP</subfield>
        </datafield>
        <datafield ind1="0" ind2="0" tag="245">
          <subfield code="a">Presse scientifique &amp; industrielle des deux mondes</subfield>
          <subfield code="h">[microform]</subfield>
        </datafield>
        <datafield ind1=" " ind2=" " tag="260">
          <subfield code="a">Paris :</subfield>
          <subfield code="b">Librairie agricole de la maison rustique,</subfield>
          <subfield code="c">1865-</subfield>
        </datafield>
        <datafield ind1=" " ind2=" " tag="300">
          <subfield code="a">v.</subfield>
        </datafield>
        <datafield ind1="0" ind2=" " tag="362">
          <subfield code="a">1865, t. 2, no. 3 (1er aôut 1865)-</subfield>
        </datafield>
        <datafield ind1=" " ind2=" " tag="533">
          <subfield code="a">Microfilm.</subfield>
          <subfield code="b">New Canaan, CT :</subfield>
          <subfield code="c">Readex,</subfield>
          <subfield code="d">198-.</subfield>
          <subfield code="e">2 microfilm reels ; 35 mm.</subfield>
        </datafield>
        <datafield ind1=" " ind2=" " tag="500">
          <subfield code="a">Imprint varies.</subfield>
        </datafield>
        <datafield ind1=" " ind2="0" tag="650">
          <subfield code="a">Science</subfield>
          <subfield code="v">Periodicals.</subfield>
          <subfield code="0">http://id.loc.gov/authorities/subjects/sh85118580</subfield>
        </datafield>
        <datafield ind1=" " ind2="7" tag="655">
          <subfield code="a">Periodicals.</subfield>
          <subfield code="2">lcgft</subfield>
          <subfield code="0">http://id.loc.gov/authorities/genreForms/gf2014026139</subfield>
        </datafield>
        <datafield ind1="0" ind2="0" tag="780">
          <subfield code="t">Presse scientifique des deux mondes</subfield>
        </datafield>
        <datafield ind1="0" ind2=" " tag="773">
          <subfield code="w">99126221259206421</subfield>
        </datafield>
        <datafield ind1=" " ind2=" " tag="911">
          <subfield code="a">19921028</subfield>
        </datafield>
        <datafield ind1=" " ind2=" " tag="912">
          <subfield code="a">19910130000000.0</subfield>
        </datafield>
        <datafield ind1=" " ind2=" " tag="914">
          <subfield code="a">(OCoLC)ocn175312267</subfield>
          <subfield code="b">OCoLC</subfield>
          <subfield code="c">match</subfield>
          <subfield code="d">11172022</subfield>
          <subfield code="e">processed</subfield>
          <subfield code="f">175312267</subfield>
        </datafield>
        <datafield ind1=" " ind2=" " tag="998">
          <subfield code="a">01/30/91</subfield>
          <subfield code="s">9114</subfield>
          <subfield code="n">NjP</subfield>
          <subfield code="d">01/30/91</subfield>
          <subfield code="c">DLJ</subfield>
          <subfield code="b">?</subfield>
          <subfield code="i">910130</subfield>
          <subfield code="l">NJPG</subfield>
        </datafield>
      </record>
    </bib>
  </bibs>
